@book{progInScala,
  author    = {Martin Odersky and Lex Spoon and Bill Venners}, 
  title     = {Programming in Scala},
  publisher = {Artima Press},
  year      = 2011,
  address   = {Walnut Creek, California},
  edition   = 2
}

@misc{MartinEpfl,
  title = {{Martin Оdersky}: Biography and current work},
  howpublished = {\url{https://people.epfl.ch/martin.odersky/bio?lang=en&cvlang=en}}
}

@misc{ScalaHistory,
  title = {{Scala's Prehistory}},
  howpublished = {\url{https://www.scala-lang.org/old/node/239.html}},
  author = {Martin Odersky},
  year = 2008
}

@misc{funkMilena,
  title = {{Programske paradigme: Funkcionalna paradigma}},
  howpublished = {\url{http://www.programskijezici.matf.bg.ac.rs/ppR/2018/predavanja/fp/funkcionalno_programiranje.pdf}},
  language = {serbian},
  hyphenation = {serbian},
  author = {Milena Vujošević Janičić}
}

@misc{funkMalkov,
  title = {{Materijali sa predavanja: Funkcionalno programiranje - Pojam funkcionalnih programskih jezika}},
  howpublished = {\url{http://poincare.matf.bg.ac.rs/~smalkov/files/fp.r344.2017/public/predavanja/FP.cas.2017.01.Uvod.p2.pdf}},
  language = {serbian},
  hyphenation = {serbian},
  author = {Saša Malkov}
}

@inbook{lambdaRacun,
  author    = {John C. Mitchell and Krzysztof Apt}, 
  title     = {{Concepts in Programming Languages}},
  chapter = {4.2},
  pages = {57-67},
  publisher = {Cambridge University Press},
  year      = {2003} 
}

@article{history,
  title = {History of Lambda-calculus and Combinatory Logic},
  howpublished = {\url{http://hope.simons-rock.edu/~pshields/cs/cmpt312/cardone-hindley.pdf}},
  author = {Felice Cardone and J. Roger Hindley},
  year = {2006},
  publisher = {Swansea University Mathematics Department Research Report}
}

@article{freeLunch,
  title = {{The Free Lunch Is Over: A Fundamental Turn Toward Concurrency in Software}},
  howpublished = {\url{http://www.gotw.ca/publications/concurrency-ddj.htm}},
  author = {Herb Sutter},
  year = {2004},
  month = {December},
  journal = {Dr. Dobb's Journal, C/C++ Users Journal}
}

@article{survey,
  title = {A survey on parallel computing and its applications in data-parallel problems using gpu architectures},
  author = {Cristóbal A. Navarro and Nancy Hitschfeld-Kahler and Luis Mateu},
  year = {2004},
  month = {February},
  journal = {Communications in Computational Physics},
  pages = {285:329}
}

@misc{konkMalkov,
  title = {{Materijali sa predavanja: Razvoj softvera - Konkurentnost}},
  howpublished = {\url{http://poincare.matf.bg.ac.rs/~smalkov/download.html?dpth=1&cap=Razvoj+softvera&bp=rs.r290.2018%2Fpublic&rp=%2FPredavanja}},
  author = {Saša Malkov},
  language = {serbian},
  hyphenation = {serbian}
}

@incollection{progInScala3,
  author       = {Martin Odersky and Lex Spoon and Bill Venners}, 
  title        = {{Concurrency programming in Scala}},
  booktitle    = {Programming in Scala},
  publisher    = {Artima Press},
  year         = 2016,
  chapter      = 9,
  address      = {Walnut Creek, California}},
  edition      = 3,
}

@book{seven,
  author    = {Paul N. Butcher}, 
  title     = {Seven concurrency models in seven weeks: when threads unravel},
  publisher = {The Pragmatic Bookshelf},
  year      = 2014,
  address   = {Dallas, Tex.}
}

@misc{microsoftRaceC,
  title = {Description of race conditions and deadlocks},
  howpublished = {\url{https://support.microsoft.com/en-us/help/317723/description-of-race-conditions-and-deadlocks}},
}

@misc{SNvsSD,
  author       = {Ben Stopford}, 
  title        = {{Shared Nothing v.s. Shared Disk Architectures: An Independent View}},
  howpublished = {\url{http://www.benstopford.com/2009/11/24/understanding-the-shared-nothing-architecture/}},
  month        = 11,
  year         = 2009
}

@misc{warehouse,
  author       = {David J. DeWitt and Samuel Madden and Michael Stonebraker}, 
  title        = {{How to Build a High-Performance Data Warehouse}},
  howpublished = {\url{http://db.csail.mit.edu/madden/high_perf.pdf}}
}

@article{carlHewittActor,
  title        = {{A universal modular ACTOR formalism for artificial intelligence}},
  howpublished = {\url{http://worrydream.com/refs/Hewitt-ActorModel.pdf}},
  author = {Carl Hewitt and Peter Bishop and Richard Steiger},
  year = {1973}
}

@misc{akkaMarius,
  author       = {Marius Herring}, 
  title        = {{Concurrency made easy with Scala and Akka}},
  howpublished = {\url{http://www.deadcoderising.com/concurrency-made-easy-with-scala-and-akka/}},
  month = {March},
  year = 2015
}

@misc{akkaDoc, 
  title        = {{Akka Documentation: Version 2.5.13}},
  howpublished = {\url{https://doc.akka.io/docs/akka/current/index.html}},
  year = {2011-2018}
}

@book{fuzzing,
  author    = {Ari Takanen and Jared DeMott and Charlie Miller}, 
  title     = {{Fuzzing for Software Security Testing and Quality Assurance}},
  publisher = {Artech House},
  year      = 2008,
  address   = {685 Canton Street Norwood, MA 02062}
}

@misc{bezbMalkov,
  title = {{Materijali sa predavanja: Informacioni sistemi - Bezbednost}},
  howpublished = {\url{http://poincare.matf.bg.ac.rs/~smalkov/download.html?dpth=1&cap=Informacioni+sistemi&bp=is.r271.2018%2Fpublic&rp=%2Fpredavanja}},
  author = {Saša Malkov},
  language = {serbian},
  hyphenation = {serbian}
}

@book{fuzzingBrute,
  author    = {Michael Sutton and Adam Greene and Pedram Amini}, 
  title     = {{Fuzzing: Brute Force Vulnerability Discovery}},
  publisher = {Pearson Education},
  year      = 2007,
  address   = {One Lake Street, Upper Saddle River, NJ 07458}
}

@phdthesis{milenaDokt,
  author       = {Milena Vujošević Janičić}, 
  title        = {Automatsko generisanje i proveravanje uslova ispravnosti programa},
  school       = {Matematički fakultet},
  year         = 2013,
  address      = {Univerzitet u Beogradu}
}

@article{testPrinc,
author = {Bertrand Meyer},
journal = {Computer},
pages = {99--101},
title = {{Seven Principles of Software Testing}},
volume = {41},
year = {2008},
month = {8},
language = {english},
hyphenation = {english}
}

@book{guideTestDesign,
  author    = {Lee Copeland}, 
  title     = {{A Practitioner's Guide to Software Test Design}},
  publisher = {Artech House},
  year      = 2004,
  address   = {Norwood, MA, U.S.A.}
}

@misc{testMilena,
  title = {{Verifikacija softvera: Dinamička analiza softvera}},
  howpublished = {\url{http://www.programskijezici.matf.bg.ac.rs/vs/predavanja/02_testiranje/02_testiranje.pdf}},
  language = {serbian},
  hyphenation = {serbian},
  author = {Milena Vujošević Janičić}
}

@misc{bestFuzzers,
  title = {{Best Fuzzing Tools 2017}},
  howpublished = {\url{http://opaida.com/2017/08/12/best-fuzzing-tools-2017/}}
}

@article{grayBoxFuzzing,
author = {Marcel Böhme and Van-Thuan and Pham Abhik Roychoudhury},
journal = {ACM CCS 2016},
title = {{Coverage-based Greybox Fuzzing as Markov Chain}},
year = {2016},
language = {english},
hyphenation = {english}
}

@article{whiteBoxFuzzing,
author = {Vijay Ganesh and Tim Leek and Martin Rinard},
journal = {Software Engineering, 2009. ICSE 2009. IEEE 31st International Conference on. 2009},
title = {{Taint-based Directed Whitebox Fuzzing}},
year = {2009},
language = {english},
hyphenation = {english}
}

@misc{15minuteGuide,
  title = {{15 minute guide to fuzzing}},
  author = {Matt Hillman},
  howpublished = {\url{https://www.mwrinfosecurity.com/our-thinking/15-minute-guide-to-fuzzing/}},
  year = {2013},
  month = {August}
}

@misc{adobePdf1,
  title = {{What is PDF?}},
  howpublished = {\url{https://acrobat.adobe.com/be/en/acrobat/about-adobe-pdf.html}},
}

@misc{adobePdf2,
  title = {{PDF Reference And Adobe Extensions To The PDF Specification}},
  howpublished = {\url{https://www.adobe.com/devnet/pdf/pdf_reference.html}},
}

@misc{PDFDoc, 
  title        = {{Document management - Portable Document Format - Part 1: PDF 1.7}},
  howpublished = {\url{https://wwwimages2.adobe.com/content/dam/acom/en/devnet/pdf/PDF32000_2008.pdf}},
  author = {{Adobe Systems Incorporated}},
  year = {2008}
}

@misc{introToPdf,
  title = {{Introduction to PDF}},
  author = {GNUpdf contributors},
  howpublished = {\url{https://web.archive.org/web/20141010035745/http://gnupdf.org/Introduction_to_PDF}},
  year = {2010},
  month = {May}
}

@misc{basicStrPdf,
  title = {{PDF File Format: Basic Structure}},
  author = {Dejan Lukan},
  howpublished = {\url{https://resources.infosecinstitute.com/pdf-file-format-basic-structure/}},
  year = {2018},
  month = {May}
}

@article{heuristics,
  title={What is a heuristic?},
  author={Romanycia, Marc HJ and Pelletier, Francis Jeffry},
  journal={Computational Intelligence},
  volume={1},
  number={1},
  pages={47--58},
  year={1985},
  publisher={Wiley Online Library}
}}



@inproceedings{PetrovicMikic2015,
author = {Petar Petrovi{\'c} and Mika Miki{\'c}},
title = {Nau{\v c}ni rad},
booktitle = {Konferencija iz matematike i ra{\v c}unarstva},
year = {2015},
editor = {Miloje Milojevi{\'c}},
language = {serbian},
hyphenation = {serbian}
}

@article{GuSh:243,
author = {Gurevich, Yuri and Shelah, Saharon},
ams-subject = {(05C80)},
fromwhere = {1,IL},
journal = {SIAM Journal on Computing},
review = {MR 88i:05162},
pages = {486--502},
title = {{Expected computation time for Hamiltonian path problem}},
volume = {16},
year = {1987},
language = {english},
hyphenation = {english}
}